@Book{TheCollectedPapersOfGerhardGentzen,
author={Gentzen, Gerhard 1909-1945. and Szabo, M. E.},
title={The collected papers of Gerhard Gentzen},
series={Studies in logic and the foundations of mathematics, 0049-237X},
year={1969},
publisher={North-Holland Publishing Company},
address={Amsterdam},
language={English}
}

@article{InvestigationsIntoLogicalDeduction,
 ISSN = {00030481},
 URL = {http://www.jstor.org/stable/20009142},
 author = {Gerhard Gentzen},
 journal = {American Philosophical Quarterly},
 number = {4},
 pages = {288--306},
 publisher = {[North American Philosophical Publications, University of Illinois Press]},
 title = {Investigations into Logical Deduction},
 volume = {1},
 year = {1964}
}


@article{ExptimeTableauxForTheCoalgebraicMuCalculus,
 author = {Corina C{\^{\i}}rstea and
Clemens Kupke and
Dirk Pattinson},
 bibsource = {dblp computer science bibliography, https://dblp.org},
 biburl = {https://dblp.org/rec/journals/corr/abs-1105-2246.bib},
 doi = {10.2168/LMCS-7(3:3)2011},
 journal = {Log. Methods Comput. Sci.},
 number = {3},
 timestamp = {Thu, 25 Jun 2020 01:00:00 +0200},
 title = {{EXPTIME} Tableaux for the Coalgebraic mu-Calculus},
 url = {https://doi.org/10.2168/LMCS-7(3:3)2011},
 volume = {7},
 year = {2011}
}

@article{AnAxiomatizationOfFullComputationTreeLogic,
 author = {Mark Reynolds},
 bibsource = {dblp computer science bibliography, https://dblp.org},
 biburl = {https://dblp.org/rec/journals/jsyml/Reynolds01.bib},
 doi = {10.2307/2695091},
 journal = {J. Symb. Log.},
 number = {3},
 pages = {1011--1057},
 timestamp = {Fri, 02 Jul 2021 01:00:00 +0200},
 title = {An Axiomatization of Full Computation Tree Logic},
 url = {https://doi.org/10.2307/2695091},
 volume = {66},
 year = {2001}
}

@inproceedings{WeakCompletenessOfCoalgebraicDynamicLogics,
 author = {Helle Hvid Hansen and
Clemens Kupke},
 bibsource = {dblp computer science bibliography, https://dblp.org},
 biburl = {https://dblp.org/rec/journals/corr/HansenK15.bib},
 booktitle = {Proceedings Tenth International Workshop on Fixed Points in Computer
Science, {FICS} 2015, Berlin, Germany, September 11-12, 2015},
 doi = {10.4204/EPTCS.191.9},
 pages = {90--104},
 series = {{EPTCS}},
 timestamp = {Wed, 12 Sep 2018 01:05:14 +0200},
 title = {Weak Completeness of Coalgebraic Dynamic Logics},
 url = {https://doi.org/10.4204/EPTCS.191.9},
 volume = {191},
 year = {2015}
}

@inproceedings{ReasoningAboutThePastWithTwoWayAutomata,
 author = {Moshe Y. Vardi},
 bibsource = {dblp computer science bibliography, https://dblp.org},
 biburl = {https://dblp.org/rec/conf/icalp/Vardi98.bib},
 booktitle = {Automata, Languages and Programming, 25th International Colloquium,
ICALP'98, Aalborg, Denmark, July 13-17, 1998, Proceedings},
 doi = {10.1007/BFb0055090},
 pages = {628--641},
 publisher = {Springer},
 series = {Lecture Notes in Computer Science},
 timestamp = {Tue, 14 May 2019 10:00:44 +0200},
 title = {Reasoning about The Past with Two-Way Automata},
 url = {https://doi.org/10.1007/BFb0055090},
 volume = {1443},
 year = {1998}
}

@inproceedings{ASystematicProofTheoryForSeveralModalLogics,
 author = {Charles Stewart and
Phiniki Stouppa},
 bibsource = {dblp computer science bibliography, https://dblp.org},
 biburl = {https://dblp.org/rec/conf/aiml/StewartS04.bib},
 booktitle = {Advances in Modal Logic 5, papers from the fifth conference on "Advances
in Modal logic," held in Manchester, UK, 9-11 September 2004},
 pages = {309--333},
 publisher = {King's College Publications},
 timestamp = {Thu, 12 Mar 2020 00:00:00 +0100},
 title = {A Systematic Proof Theory for Several Modal Logics},
 url = {http://www.aiml.net/volumes/volume5/Stewart.ps},
 year = {2004}
}

@inproceedings{TheCompletenessOfPropositionalDynamicLogic,
 author = {Rohit Parikh},
 bibsource = {dblp computer science bibliography, https://dblp.org},
 biburl = {https://dblp.org/rec/conf/mfcs/Parikh78.bib},
 booktitle = {Mathematical Foundations of Computer Science 1978, Proceedings, 7th
Symposium, Zakopane, Poland, September 4-8, 1978},
 doi = {10.1007/3-540-08921-7\_88},
 pages = {403--415},
 publisher = {Springer},
 series = {Lecture Notes in Computer Science},
 timestamp = {Tue, 14 May 2019 10:00:37 +0200},
 title = {The Completeness of Propositional Dynamic Logic},
 url = {https://doi.org/10.1007/3-540-08921-7\_88},
 volume = {64},
 year = {1978}
}

@inproceedings{CutFreeCompletenessForModalMuCalculus,
 author = {Bahareh Afshari and
Graham E. Leigh},
 bibsource = {dblp computer science bibliography, https://dblp.org},
 biburl = {https://dblp.org/rec/conf/lics/AfshariL17.bib},
 booktitle = {32nd Annual {ACM/IEEE} Symposium on Logic in Computer Science, {LICS}
2017, Reykjavik, Iceland, June 20-23, 2017},
 doi = {10.1109/LICS.2017.8005088},
 pages = {1--12},
 publisher = {{IEEE} Computer Society},
 timestamp = {Wed, 16 Oct 2019 14:14:54 +0200},
 title = {Cut-free completeness for modal mu-calculus},
 url = {https://doi.org/10.1109/LICS.2017.8005088},
 year = {2017}
}

@article{CompletenessForMuCalculiACoalgebraicApproach,
 author = {Sebastian Enqvist and
Fatemeh Seifan and
Yde Venema},
 bibsource = {dblp computer science bibliography, https://dblp.org},
 biburl = {https://dblp.org/rec/journals/apal/EnqvistSV19.bib},
 doi = {10.1016/j.apal.2018.12.004},
 journal = {Ann. Pure Appl. Log.},
 number = {5},
 pages = {578--641},
 timestamp = {Fri, 21 Feb 2020 00:00:00 +0100},
 title = {Completeness for \emph{{\(\mu\)}}-calculi: {A} coalgebraic approach},
 url = {https://doi.org/10.1016/j.apal.2018.12.004},
 volume = {170},
 year = {2019}
}

@article{ACircularProofSystemForTheHybridMuCalculus,
 author = {Sebastian Enqvist},
 bibsource = {dblp computer science bibliography, https://dblp.org},
 biburl = {https://dblp.org/rec/journals/corr/abs-2001-04971.bib},
 eprint = {2001.04971},
 eprinttype = {arXiv},
 journal = {CoRR},
 timestamp = {Fri, 17 Jan 2020 00:00:00 +0100},
 title = {A circular proof system for the hybrid mu-calculus},
 url = {https://arxiv.org/abs/2001.04971},
 volume = {abs/2001.04971},
 year = {2020}
}

@inproceedings{AnInfinitaryTreatmentOfFullMuCalculus,
 author = {Bahareh Afshari and
Gerhard J{\"{a}}ger and
Graham E. Leigh},
 bibsource = {dblp computer science bibliography, https://dblp.org},
 biburl = {https://dblp.org/rec/conf/wollic/AfshariJL19.bib},
 booktitle = {Logic, Language, Information, and Computation - 26th International
Workshop, WoLLIC 2019, Utrecht, The Netherlands, July 2-5, 2019, Proceedings},
 doi = {10.1007/978-3-662-59533-6\_2},
 pages = {17--34},
 publisher = {Springer},
 series = {Lecture Notes in Computer Science},
 timestamp = {Tue, 25 Jun 2019 13:36:56 +0200},
 title = {An Infinitary Treatment of Full Mu-Calculus},
 url = {https://doi.org/10.1007/978-3-662-59533-6\_2},
 volume = {11541},
 year = {2019}
}

@article{OnAnInterpretationOfSecondOrderQuantificationInFirstOrderIntuitionisticPropositionalLogic,
 author = {Andrew M. Pitts},
 bibsource = {dblp computer science bibliography, https://dblp.org},
 biburl = {https://dblp.org/rec/journals/jsyml/Pitts92.bib},
 doi = {10.2307/2275175},
 journal = {J. Symb. Log.},
 number = {1},
 pages = {33--52},
 timestamp = {Sun, 28 May 2017 01:00:00 +0200},
 title = {On an Interpretation of Second Order Quantification in First Order
Intuitionistic Propositional Logic},
 url = {https://doi.org/10.2307/2275175},
 volume = {57},
 year = {1992}
}

@article{UniformInterpolationAndTheExistenceOfSequentCalculi,
 author = {Rosalie Iemhoff},
 bibsource = {dblp computer science bibliography, https://dblp.org},
 biburl = {https://dblp.org/rec/journals/apal/Iemhoff19.bib},
 doi = {10.1016/j.apal.2019.05.008},
 journal = {Ann. Pure Appl. Log.},
 number = {11},
 timestamp = {Fri, 21 Feb 2020 00:00:00 +0100},
 title = {Uniform interpolation and the existence of sequent calculi},
 url = {https://doi.org/10.1016/j.apal.2019.05.008},
 volume = {170},
 year = {2019}
}

@article{TheManyFacesOfInterpolation,
 author = {Johan van Benthem},
 bibsource = {dblp computer science bibliography, https://dblp.org},
 biburl = {https://dblp.org/rec/journals/synthese/Benthem08.bib},
 doi = {10.1007/s11229-008-9351-5},
 journal = {Synth.},
 number = {3},
 pages = {451--460},
 timestamp = {Thu, 09 Jul 2020 01:00:00 +0200},
 title = {The many faces of interpolation},
 url = {https://doi.org/10.1007/s11229-008-9351-5},
 volume = {164},
 year = {2008}
}

@article{UniformInterpolationAndSequentCalculiInModalLogic,
 author = {Rosalie Iemhoff},
 bibsource = {dblp computer science bibliography, https://dblp.org},
 biburl = {https://dblp.org/rec/journals/aml/Iemhoff19.bib},
 doi = {10.1007/s00153-018-0629-0},
 journal = {Arch. Math. Log.},
 number = {1-2},
 pages = {155--181},
 timestamp = {Wed, 13 Feb 2019 00:00:00 +0100},
 title = {Uniform interpolation and sequent calculi in modal logic},
 url = {https://doi.org/10.1007/s00153-018-0629-0},
 volume = {58},
 year = {2019}
}

@inproceedings{UniformInterpolationForMonotoneModalLogic,
 author = {Luigi Santocanale and
Yde Venema},
 bibsource = {dblp computer science bibliography, https://dblp.org},
 biburl = {https://dblp.org/rec/conf/aiml/SantocanaleV10.bib},
 booktitle = {Advances in Modal Logic 8, papers from the eighth conference on "Advances
in Modal Logic," held in Moscow, Russia, 24-27 August 2010},
 pages = {350--370},
 publisher = {College Publications},
 timestamp = {Thu, 12 Mar 2020 00:00:00 +0100},
 title = {Uniform Interpolation for Monotone Modal Logic},
 url = {http://www.aiml.net/volumes/volume8/Santocanale-Venema.pdf},
 year = {2010}
}

@inproceedings{UniformInterpolationFromCyclicProofsTheCaseOfModalMuCalculus,
 author = {Bahareh Afshari and
Graham E. Leigh and
Guillermo Men{\'{e}}ndez Turata},
 bibsource = {dblp computer science bibliography, https://dblp.org},
 biburl = {https://dblp.org/rec/conf/tableaux/AfshariLT21.bib},
 booktitle = {Automated Reasoning with Analytic Tableaux and Related Methods - 30th
International Conference, {TABLEAUX} 2021, Birmingham, UK, September
6-9, 2021, Proceedings},
 doi = {10.1007/978-3-030-86059-2\_20},
 pages = {335--353},
 publisher = {Springer},
 series = {Lecture Notes in Computer Science},
 timestamp = {Mon, 06 Sep 2021 13:59:54 +0200},
 title = {Uniform Interpolation from Cyclic Proofs: The Case of Modal Mu-Calculus},
 url = {https://doi.org/10.1007/978-3-030-86059-2\_20},
 volume = {12842},
 year = {2021}
}

@article{TowardATheoryOfPlayALogicalPerspectiveOnGamesAndInteraction,
 author = {Johan van Benthem and
Eric Pacuit and
Olivier Roy},
 bibsource = {dblp computer science bibliography, https://dblp.org},
 biburl = {https://dblp.org/rec/journals/games/BenthemPR11.bib},
 doi = {10.3390/g2010052},
 journal = {Games},
 number = {1},
 pages = {52--86},
 timestamp = {Sun, 02 Jun 2019 01:00:00 +0200},
 title = {Toward a Theory of Play: {A} Logical Perspective on Games and Interaction},
 url = {https://doi.org/10.3390/g2010052},
 volume = {2},
 year = {2011}
}

@article{LogicGamesAreCompleteForGameLogics,
 author = {Johan van Benthem},
 bibsource = {dblp computer science bibliography, https://dblp.org},
 biburl = {https://dblp.org/rec/journals/sLogica/Benthem03.bib},
 doi = {10.1023/A:1027306910434},
 journal = {Stud Logica},
 number = {2},
 pages = {183--203},
 timestamp = {Tue, 01 Sep 2020 01:00:00 +0200},
 title = {Logic Games are Complete for Game Logics},
 url = {https://doi.org/10.1023/A:1027306910434},
 volume = {75},
 year = {2003}
}

@inproceedings{CutAdmissibilityAsACorollaryOfTheSubformulaProperty,
 author = {Ori Lahav and
Yoni Zohar},
 bibsource = {dblp computer science bibliography, https://dblp.org},
 biburl = {https://dblp.org/rec/conf/tableaux/LahavZ17.bib},
 booktitle = {Automated Reasoning with Analytic Tableaux and Related Methods - 26th
International Conference, {TABLEAUX} 2017, Bras{\'{\i}}lia, Brazil,
September 25-28, 2017, Proceedings},
 doi = {10.1007/978-3-319-66902-1\_4},
 pages = {65--80},
 publisher = {Springer},
 series = {Lecture Notes in Computer Science},
 timestamp = {Tue, 14 May 2019 10:00:54 +0200},
 title = {Cut-Admissibility as a Corollary of the Subformula Property},
 url = {https://doi.org/10.1007/978-3-319-66902-1\_4},
 volume = {10501},
 year = {2017}
}

@article{ProofTheoryForNonNormalModalLogicsTheNeighbourhoodFormalismAndBasicResults,
 author = {Sara Negri},
 bibsource = {dblp computer science bibliography, https://dblp.org},
 biburl = {https://dblp.org/rec/journals/flap/Negri17a.bib},
 journal = {{FLAP}},
 number = {4},
 timestamp = {Thu, 12 Mar 2020 00:00:00 +0100},
 title = {Proof Theory for Non-normal Modal Logics: The Neighbourhood Formalism
and Basic Results},
 url = {http://www.collegepublications.co.uk/downloads/ifcolog00013.pdf},
 volume = {4},
 year = {2017}
}

@inproceedings{WhyIsModalLogicSoRobustlyDecidable,
 author = {Moshe Y. Vardi},
 bibsource = {dblp computer science bibliography, https://dblp.org},
 biburl = {https://dblp.org/rec/conf/dimacs/Vardi96.bib},
 booktitle = {Descriptive Complexity and Finite Models, Proceedings of a {DIMACS}
Workshop 1996, Princeton, New Jersey, USA, January 14-17, 1996},
 doi = {10.1090/dimacs/031/05},
 pages = {149--183},
 publisher = {{DIMACS/AMS}},
 series = {{DIMACS} Series in Discrete Mathematics and Theoretical Computer Science},
 timestamp = {Tue, 16 Jul 2019 17:45:06 +0200},
 title = {Why is Modal Logic So Robustly Decidable?},
 url = {https://doi.org/10.1090/dimacs/031/05},
 volume = {31},
 year = {1996}
}

@article{AProofTheoryForTheLogicOfProvabilityInTrueArithmetic,
 author = {Hirohiko Kushida},
 bibsource = {dblp computer science bibliography, https://dblp.org},
 biburl = {https://dblp.org/rec/journals/sLogica/Kushida20.bib},
 doi = {10.1007/s11225-019-09891-0},
 journal = {Stud Logica},
 number = {4},
 pages = {857--875},
 timestamp = {Tue, 01 Sep 2020 01:00:00 +0200},
 title = {A Proof Theory for the Logic of Provability in True Arithmetic},
 url = {https://doi.org/10.1007/s11225-019-09891-0},
 volume = {108},
 year = {2020}
}

@inproceedings{CutEliminationForProvabilityLogicByTerminatingProofSearchFormalisedAndDeconstructedUsingCoq,
 author = {Rajeev Gor{\'{e}} and
Revantha Ramanayake and
Ian Shillito},
 bibsource = {dblp computer science bibliography, https://dblp.org},
 biburl = {https://dblp.org/rec/conf/tableaux/GoreRS21.bib},
 booktitle = {Automated Reasoning with Analytic Tableaux and Related Methods - 30th
International Conference, {TABLEAUX} 2021, Birmingham, UK, September
6-9, 2021, Proceedings},
 doi = {10.1007/978-3-030-86059-2\_18},
 pages = {299--313},
 publisher = {Springer},
 series = {Lecture Notes in Computer Science},
 timestamp = {Mon, 06 Sep 2021 13:59:54 +0200},
 title = {Cut-Elimination for Provability Logic by Terminating Proof-Search:
Formalised and Deconstructed Using Coq},
 url = {https://doi.org/10.1007/978-3-030-86059-2\_18},
 volume = {12842},
 year = {2021}
}

@article{TheFundamentalProblemOfGeneralProofTheory,
 author = {Dag Prawitz},
 bibsource = {dblp computer science bibliography, https://dblp.org},
 biburl = {https://dblp.org/rec/journals/sLogica/Prawitz19.bib},
 doi = {10.1007/s11225-018-9785-9},
 journal = {Stud Logica},
 number = {1},
 pages = {11--29},
 timestamp = {Tue, 01 Sep 2020 01:00:00 +0200},
 title = {The Fundamental Problem of General Proof Theory},
 url = {https://doi.org/10.1007/s11225-018-9785-9},
 volume = {107},
 year = {2019}
}

@book{PhilosophicalApplicationsOfModalLogic,
  title={Philosophical Applications of Modal Logic},
  author={Humberstone, L.},
  isbn={9781848901964},
  series={Studies in Logic},
  url={https://books.google.pt/books?id=Wi8PkAEACAAJ},
  year={2016},
  publisher={College Publications}
}


@article{ProofTheoryForModalLogic,
  title={Proof theory for modal logic},
  author={Negri, Sara},
  journal={Philosophy Compass},
  volume={6},
  number={8},
  pages={523--538},
  year={2011},
  publisher={Wiley Online Library}
}

@article{GameLogicAnOverview,
  title={Game logic-an overview},
  author={Pauly, Marc and Parikh, Rohit},
  journal={Studia Logica},
  volume={75},
  number={2},
  pages={165--182},
  year={2003},
  publisher={Springer}
}

@inproceedings{CompletenessForGameLogic,
  title={Completeness for game logic},
  author={Enqvist, Sebastian and Hansen, Helle Hvid and Kupke, Clemens and Marti, Johannes and Venema, Yde},
  booktitle={2019 34th Annual ACM/IEEE Symposium on Logic in Computer Science (LICS)},
  pages={1--13},
  year={2019},
  organization={IEEE}
}

@incollection{ProofTheorySomeApplicationsOfCutElimination,
  title={Proof theory: Some applications of cut-elimination},
  author={Schwichtenberg, Helmut},
  booktitle={Studies in Logic and the Foundations of Mathematics},
  volume={90},
  pages={867--895},
  year={1977},
  publisher={Elsevier}
}

@incollection{HandbookOfModalLogicModalProofTheory,
 author = {Melvin Fitting},
 bibsource = {dblp computer science bibliography, https://dblp.org},
 biburl = {https://dblp.org/rec/books/el/07/Fitting07.bib},
 booktitle = {Handbook of Modal Logic},
 doi = {10.1016/s1570-2464(07)80005-x},
 pages = {85--138},
 publisher = {North-Holland},
 series = {Studies in logic and practical reasoning},
 timestamp = {Tue, 16 Jul 2019 10:26:01 +0200},
 title = {Modal proof theory},
 url = {https://doi.org/10.1016/s1570-2464(07)80005-x},
 volume = {3},
 year = {2007}
}

@book{HandbookOfModalLogic,
  title={Handbook of modal logic},
  author={Blackburn, Patrick and van Benthem, Johan FAK and Wolter, Frank},
  year={2006},
  publisher={Elsevier}
}

@incollection{ModalLogic,
  title={Modal logic: a semantic perspective},
  author={Blackburn, Patrick and Van Benthem, Johan},
  booktitle={Studies in logic and practical reasoning},
  volume={3},
  pages={1--84},
  year={2007},
  publisher={Elsevier}
}

@book{ProofTheoryOfModalLogic,
  title={Proof theory of modal logic},
  author={Wansing, Heinrich},
  volume={2},
  year={2013},
  publisher={Springer Science \& Business Media}
}

@book{LogicForSocialSoftware,
  title={Logic for social software},
  author={Pauly, Marc and others},
  year={2001},
  publisher={Universiteit van Amsterdam}
}

@book{InterpolationInModalLogics,
  title={Interpolation in modal logics},
  author={B{\'\i}lkov{\'a}, Marta},
  year={2006},
  publisher={Univerzita Karlova, Filozofick{\'a} fakulta}
}

@incollection{TheLogicOfGamesAndItsApplications,
  title={The logic of games and its applications},
  author={Parikh, Rohit},
  booktitle={North-Holland Mathematics Studies},
  volume={102},
  pages={111--139},
  year={1985},
  publisher={Elsevier}
}

@inproceedings{Alternation,
  title={Alternation},
  author={Chandra, Ashok K and Stockmeyer, Larry J},
  booktitle={17th Annual Symposium on Foundations of Computer Science (sfcs 1976)},
  pages={98--108},
  year={1976},
  organization={IEEE}
}

@book{DynamicLogic,
  title={Dynamic logic},
  author={Harel, David and Kozen, Dexter and Tiuryn, Jerzy},
  year={2000},
  publisher={MIT Press, Massachusetts, USA}
}

@incollection{HandbookOfModalLogicComplexityOfModalLogic,
  author    = {Maarten Marx},
  title     = {Complexity of modal logic},
  booktitle = {Handbook of Modal Logic},
  series    = {Studies in logic and practical reasoning},
  volume    = {3},
  pages     = {139--179},
  publisher = {North-Holland},
  year      = {2007},
  url       = {https://doi.org/10.1016/s1570-2464(07)80006-1},
  doi       = {10.1016/s1570-2464(07)80006-1},
  timestamp = {Sat, 19 Oct 2019 01:00:00 +0200},
  biburl    = {https://dblp.org/rec/books/el/07/Marx07.bib},
  bibsource = {dblp computer science bibliography, https://dblp.org}
}

@article{PropositionalDynamicLogicOfRegularPrograms,
  title={Propositional dynamic logic of regular programs},
  author={Fischer, Michael J and Ladner, Richard E},
  journal={Journal of computer and system sciences},
  volume={18},
  number={2},
  pages={194--211},
  year={1979},
  publisher={Elsevier}
}

@article{AlternatingTimeTemporalLogic,
  title={Alternating-time temporal logic},
  author={Alur, Rajeev and Henzinger, Thomas A and Kupferman, Orna},
  journal={Journal of the ACM (JACM)},
  volume={49},
  number={5},
  pages={672--713},
  year={2002},
  publisher={ACM New York, NY, USA}
}

@inproceedings{TheHybridMuCalculus,
  author = {U. {Sattler} and M. Y. {Vardi}},
  booktitle = {Proceedings of the International Joint Conference on Automated Reasoning},
  pages = {76--91},
  publisher = {Springer Verlag},
  series = {LNAI},
  title = {The Hybrid mu-Calculus},
  volume = {2083},
  year = {2001},
}

@article{HarmoniousLogicCraigsInterpolationTheoremAndItsDescendants,
  title={Harmonious logic: Craig’s interpolation theorem and its descendants},
  author={Feferman, Solomon},
  journal={Synthese},
  volume={164},
  number={3},
  pages={341--357},
  year={2008},
  publisher={Springer}
}

@incollection{ApplicationsOfModalLogicInLinguistics,
  title={19 applications of modal logic in linguistics},
  author={Moss, Lawrence S and Tiede, Hans-J{\"o}rg},
  booktitle={Studies in Logic and Practical Reasoning},
  volume={3},
  pages={1031--1076},
  year={2007},
  publisher={Elsevier}
}

@book{ModalLogicsAndPhilosophy,
  title={Modal logics and philosophy},
  author={Girle, Rod},
  year={2014},
  publisher={Routledge}
}

@incollection{ApplicationsOfTemporalLogicToTheSpecificationAndVerificationOfReactiveSystemsASurveyOfCurrentTrends,
  title={Applications of temporal logic to the specification and verification of reactive systems: a survey of current trends},
  author={Pnueli, Amir},
  booktitle={Current trends in Concurrency},
  pages={510--584},
  year={1986},
  publisher={Springer}
}